 
 Bibtex File fuer PDB Eintraege
 
 1qpu
 
@article{1qpu,
  title={The solution structure of oxidized Escherichia coli cytochrome b 562},
  author={Arnesano, Fabio and Banci, Lucia and Bertini, Ivano and Faraone-Mennella, Jasmin and Rosato, Antonio and Barker, Paul D and Fersht, Alan R},
  journal={Biochemistry},
  volume={38},
  number={27},
  pages={8657--8670},
  year={1999},
  publisher={ACS Publications}
}

1qq3

@article{1qq3,
  title={Structural consequences of b-to c-type heme conversion in oxidized Escherichia coli cytochrome b 562},
  author={Arnesano, Fabio and Banci, Lucia and Bertini, Ivano and Ciofi-Baffoni, Simone and Woodyear, Thierry de Lumley and Johnson, Christopher M and Barker, Paul D},
  journal={Biochemistry},
  volume={39},
  number={6},
  pages={1499--1514},
  year={2000},
  publisher={ACS Publications}
}


1cgn

@article{1cgn,
  title={Three-dimensional structure of cytochrome c'from two Alcaligenes species and the implications for four-helix bundle structures},
  author={Dobbs, AARON J and Anderson, BRYAN F and Faber, H RICK and Baker, EDWARD N},
  journal={Acta Crystallographica Section D: Biological Crystallography},
  volume={52},
  number={2},
  pages={356--368},
  year={1996},
  publisher={International Union of Crystallography}
}


1he9

@article{1he9,
  title={Structure of the ExoS GTPase activating domain},
  author={W{\"u}rtele, Martin and Renault, Louis and Barbieri, Joseph T and Wittinghofer, Alfred and Wolf, Eva},
  journal={FEBS letters},
  volume={491},
  number={1},
  pages={26--29},
  year={2001},
  publisher={Elsevier}
}


3gf9 - kein paper veroeffentlicht

1exs

@article{1exs,
  title={A novel pH-dependent dimerization motif in $\beta$-lactoglobulin from pig (Sus scrofa)},
  author={Hoedemaeker, Flip J and Visschers, Ronald W and Alting, Arno C and Kuil, ME and Abrahams, JP and others},
  journal={Acta Crystallographica Section D: Biological Crystallography},
  volume={58},
  number={3},
  pages={480--486},
  year={2002},
  publisher={International Union of Crystallography}
}

1ngl

@article{1ngl,
  title={The solution structure and dynamics of human neutrophil gelatinase-associated lipocalin},
  author={Coles, Murray and Diercks, Tammo and Muehlenweg, Bernd and Bartsch, Stefan and Z{\"o}lzer, Volker and Tschesche, Harald and Kessler, Horst},
  journal={Journal of molecular biology},
  volume={289},
  number={1},
  pages={139--157},
  year={1999},
  publisher={Elsevier}
}

1qqs

@article{1qqs,
  title={Ligand preference inferred from the structure of neutrophil gelatinase associated lipocalin},
  author={Goetz, David H and Willie, Sirkku T and Armen, Roger S and Bratt, Tomas and Borregaard, Niels and Strong, Roland K},
  journal={Biochemistry},
  volume={39},
  number={8},
  pages={1935--1941},
  year={2000},
  publisher={ACS Publications}
}


3slo

@article{barnard2012molecular,
  title={Molecular basis for the activation of a catalytic asparagine residue in a self-cleaving bacterial autotransporter},
  author={Barnard, Travis J and Gumbart, James and Peterson, Janine H and Noinaj, Nicholas and Easley, Nicole C and Dautin, Nathalie and Kuszak, Adam J and Tajkhorshid, Emad and Bernstein, Harris D and Buchanan, Susan K},
  journal={Journal of molecular biology},
  volume={415},
  number={1},
  pages={128--142},
  year={2012},
  publisher={Elsevier}
}


1wjx

@article{1wjx,
  title={Structural basis for functional mimicry of long-variable-arm tRNA by transfer-messenger RNA},
  author={Bessho, Yoshitaka and Shibata, Rie and Sekine, Shun-ichi and Murayama, Kazutaka and Higashijima, Kyoko and Hori-Takemoto, Chie and Shirouzu, Mikako and Kuramitsu, Seiki and Yokoyama, Shigeyuki},
  journal={Proceedings of the National Academy of Sciences},
  volume={104},
  number={20},
  pages={8293--8298},
  year={2007},
  publisher={National Acad Sciences}
}


5chy

@article{5chy,
  title={Crystal structures of CheY mutants Y106W and T87I/Y106W CheY activation correlates with movement of residue 106},
  author={Zhu, Xiangyang and Rebello, Joseph and Matsumura, Philip and Volz, Karl},
  journal={Journal of Biological Chemistry},
  volume={272},
  number={8},
  pages={5000--5006},
  year={1997},
  publisher={ASBMB}
}


2id9

@article{2id9,
  title={The structures of T87I phosphono-CheY and T87I/Y106W phosphono-CheY help to explain their binding affinities to the FliM and CheZ peptides},
  author={McAdams, Kenneth and Casper, Eric S and Haas, R Matthew and Santarsiero, Bernard D and Eggler, Aimee L and Mesecar, Andrew and Halkides, Christopher J},
  journal={Archives of biochemistry and biophysics},
  volume={479},
  number={2},
  pages={105--113},
  year={2008},
  publisher={Elsevier}
}


3i42 - keine veroeffentlichung

1d4o
@article{1d4o,
  title={Crystal structure of transhydrogenase domain III at 1.2 {\AA} resolution},
  author={Prasad, G Sridhar and Sridhar, Vandana and Yamaguchi, Mutsuo and Hatefi, Youssef and Stout, C David},
  journal={Nature Structural \& Molecular Biology},
  volume={6},
  number={12},
  pages={1126--1131},
  year={1999},
  publisher={Nature Publishing Group}
}

2w0i - nicht veroeffentlicht

Paper zu den Aldolasen

1lbm

@article{1lbm,
  title={Two ($\beta$$\alpha$) 8-barrel enzymes of histidine and tryptophan biosynthesis have similar reaction mechanisms and common strategies for protecting their labile substrates},
  author={Henn-Sax, Martina and Thoma, Ralf and Schmidt, Steffen and Hennig, Michael and Kirschner, Kasper and Sterner, Reinhard},
  journal={Biochemistry},
  volume={41},
  number={40},
  pages={12032--12042},
  year={2002},
  publisher={ACS Publications}
}


1lor

@article{1lor,
  title={Crystal structures of inhibitor complexes reveal an alternate binding mode in orotidine-5â€²-monophosphate decarboxylase},
  author={Wu, Ning and Pai, Emil F},
  journal={Journal of Biological Chemistry},
  volume={277},
  number={31},
  pages={28080--28087},
  year={2002},
  publisher={ASBMB}
}


1mxs

@article{1mxs,
  title={Structure of 2-keto-3-deoxy-6-phosphogluconate (KDPG) aldolase from Pseudomonas putida},
  author={Bell, BJ and Watanabe, L and Rios-Steiner, JL and Tulinsky, A and Lebioda, L and Arni, RK},
  journal={Acta Crystallographica Section D: Biological Crystallography},
  volume={59},
  number={8},
  pages={1454--1458},
  year={2003},
  publisher={International Union of Crystallography}
}


1nsj

@article{1nsj,
  title={Crystal Structure at 2.0 {\AA} Resolution of Phosphoribosyl Anthranilate Isomerase from the Hyperthermophile Thermotoga maritima: Possible Determinants of Protein Stability,\#},
  author={Hennig, Michael and Sterner, Reinhard and Kirschner, Kasper and Jansonius, Johan N},
  journal={Biochemistry},
  volume={36},
  number={20},
  pages={6009--6016},
  year={1997},
  publisher={ACS Publications}
}


1v5x

@article{1v5x,
  title={Stabilization due to dimer formation of phosphoribosyl anthranilate isomerase from Thermus thermophilus HB8: X-ray analysis and DSC experiments},
  author={Taka, Junichiro and Ogasahara, Kyoko and Jeyakanthan, Jeyaraman and Kunishima, Naoki and Kuroishi, Chizu and Sugahara, Mitsuaki and Yokoyama, Shigeyuki and Yutani, Katsuhide},
  journal={Journal of biochemistry},
  volume={137},
  number={5},
  pages={569--578},
  year={2005},
  publisher={Jpn Biochemical Soc}
}


1vqt - nicht veroeffentlicht

1wau

@article{1wau,
  title={Mechanism of the Class I KDPG aldolase},
  author={Fullerton, Stephen WB and Griffiths, Jennifer S and Merkel, Alexandra B and Cheriyan, Manoj and Wymer, Nathan J and Hutchins, Michael J and Fierke, Carol A and Toone, Eric J and Naismith, James H},
  journal={Bioorganic \& medicinal chemistry},
  volume={14},
  number={9},
  pages={3002--3010},
  year={2006},
  publisher={Elsevier}
}


3ceu - nicht veroeffentlich

7tim

@article{7tim,
  title={Structure of the triosephosphate isomerase-phosphoglycolohydroxamate complex: an analog of the intermediate on the reaction pathway},
  author={Davenport, Robert C and Bash, Paul A and Seaton, Barbara A and Karplus, Martin and Petsko, Gregory A and Ringe, Dagmar},
  journal={Biochemistry},
  volume={30},
  number={24},
  pages={5821--5826},
  year={1991},
  publisher={ACS Publications}
}





